@article{Qadri201716,
title = "Pigeons and humans use action and pose information to categorize complex human behaviors ",
journal = "Vision Research ",
volume = "131",
number = "",
pages = "16 - 25",
year = "2017",
note = "",
issn = "0042-6989",
doi = "https://doi.org/10.1016/j.visres.2016.09.011",
url = "http://www.sciencedirect.com/science/article/pii/S0042698916301262",
author = "Muhammad A.J. Qadri and Robert G. Cook",
keywords = "Behavior recognition",
keywords = "Poses",
keywords = "Dynamic representation",
keywords = "Representational momentum",
keywords = "Pigeon "
}

