@article{ENGLAND2007172,
title = "The influence of gait speed on local dynamic stability of walking",
journal = "Gait & Posture",
volume = "25",
number = "2",
pages = "172 - 178",
year = "2007",
note = "",
issn = "0966-6362",
doi = "http://dx.doi.org/10.1016/j.gaitpost.2006.03.003",
url = "http://www.sciencedirect.com/science/article/pii/S0966636206000415",
author = "Scott A. England and Kevin P. Granata",
keywords = "Gait",
keywords = "Stability",
keywords = "Walking velocity"
}