
@inproceedings{blake2007,
  title =        {Perception of Human Motion},
  author =       {R. Blake and M. Shiffrar},
  booktitle =    {Annual Review of Psychology},
  year =         2007,
  publisher =    "Annual Reviews",
  volume = {58},
  pages =        "47-73"
}
