@inproceedings{QuintanaDuque2012,
  title={Non-linear Dynamic Invariants Based on Embedding Recon- struction of Systems for Pedaling Motion},
  author={Juan-Carlos Quintana-Duque},
  year={2012},
  booktitle	=	{9. Symposium der dvs-Sektion Sportinformatik, Univ. Konstanz},
}
